1898 3267
484 359 820 405 LEXICON
867 359 1190 405 CYRILLI.

182 586 367 621 INFINITA
400 595 494 633 pene
526 590 584 619 est
612 582 765 619 varietas
796 581 943 618 illorum
979 581 1201 619 Lexicorum
1236 593 1316 630 quae
1350 579 1457 629 vulgo
1491 579 1559 615 sub

115 648 243 699 Cyrilli
263 646 412 685 nomine
432 646 750 684 circumferuntur.
807 648 865 683 An
895 655 995 684 recte
1015 646 1166 697 quidem
1189 645 1274 682 huic
1294 645 1451 681 Auctori
1470 642 1558 680 assi-

114 714 219 766 gnari
239 714 400 751 debeant
428 727 503 750 non
531 720 699 750 nostrum
719 721 776 750 est
796 726 895 750 nunc
915 712 1119 762 inquirere3
1152 711 1187 748 id
1208 710 1332 762 potius
1352 709 1558 746 notandum

76 787 99 828 5
114 794 194 817 esse
221 779 387 823 arbitror,
410 779 479 816 hoc
500 791 593 828 opus
621 779 781 829 primum
803 778 895 815 nihil
915 777 1015 814 aliud
1036 777 1146 814 fuisse
1168 789 1280 826 quam
1302 775 1440 812 nudum
1461 773 1557 825 glos-

113 845 247 882 sarium
277 844 314 881 in
345 857 419 894 quo
448 857 570 888 voces,
592 843 813 894 plerumque
842 856 862 879 e
892 842 1004 880 sacris
1025 842 1191 879 fontibus
1223 841 1354 883 ductae,
1377 852 1559 890 proponea

112 912 258 953 bantur,
290 917 327 946 et
357 923 422 960 per
451 909 522 946 alia
550 922 758 960 synonyma
791 909 900 946 verba
925 908 1085 945 maxime
1111 907 1400 958 explicabantur.
1464 906 1558 940 Cum

111 976 169 1012 his
197 974 308 1012 sacris
329 976 478 1012 vocibus
504 974 723 1011 coaluerunt
750 974 928 1024 paulatim
957 973 1089 1024 glossae
1110 985 1131 1009 e
1151 972 1316 1022 profanis
1338 970 1561 1007 Auctoribus

112 1040 354 1092 depromptae‚
383 1039 543 1076 maxime
575 1039 757 1076 Homero.
826 1037 1011 1075 Admissae
1041 1039 1194 1088 insuper
1226 1045 1314 1073 sunt
1348 1034 1562 1086 prolixiores

54 1119 99 1143 10
113 1119 243 1143 vocum
274 1104 538 1156 explicationes
559 1118 602 1141 ex
621 1103 857 1155 Etymologis
886 1104 1105 1153 caeterisque
1132 1100 1385 1153 grammaticis
1405 1108 1443 1137 et
1461 1099 1560 1136 anti-

113 1170 303 1221 quioribus
335 1169 491 1211 Lexicis,
526 1177 635 1219 prout
660 1168 792 1219 cuique
820 1170 1068 1219 suppetebant
1094 1167 1187 1212 libri,
1216 1167 1315 1203 unde
1344 1178 1419 1202 suae
1451 1177 1559 1215 auge-

114 1244 240 1272 rentur
269 1234 395 1285 copiae.
454 1233 588 1271 Prioris
620 1233 778 1284 generis,
815 1233 1119 1276 vetustissimum,
1152 1231 1321 1269 omnium
1356 1243 1438 1280 quae
1470 1228 1561 1265 mihi

113 1300 370 1343 innotuerunt,
404 1299 591 1350 exemplar
618 1301 758 1350 praebet
790 1300 917 1336 Codex
949 1298 1066 1337 Coisl.
1088 1309 1180 1347 347,
1215 1309 1325 1347 quem
1361 1295 1418 1332 Cl.
1447 1295 1560 1331 Bern.

112 1364 373 1402 Montfaucon.
396 1378 469 1401 non
492 1363 674 1401 dubitavit
694 1364 738 1401 ad
760 1377 901 1401 nonum
925 1372 988 1400 aut
1008 1364 1197 1400 decimum
1214 1360 1392 1398 saeculum
1413 1359 1560 1395 referre.

54 1442 96 1479 15
112 1431 307 1467 Vetustate
327 1429 476 1479 quidem
504 1429 747 1479 proculdubio
776 1428 893 1465 anteit
921 1428 1087 1479 ejusdem
1114 1427 1361 1464 Bibliothecae
1383 1423 1561 1461 Codicem

113 1505 203 1544 345.
225 1494 521 1545 antiquissimum
538 1503 575 1531 et
594 1495 715 1544 ipsum
730 1503 767 1531 et
785 1493 943 1545 plurima
960 1493 1096 1531 Lexica
1118 1491 1374 1530 continentem
1391 1489 1562 1526 Bet-kero

112 1569 150 1597 et
168 1561 414 1597 Bachmanno
428 1563 507 1610 jam
527 1559 685 1610 vulgata.
725 1560 884 1596 Duobus
905 1567 1028 1596 autem
1049 1558 1105 1595 his
1126 1557 1326 1595 Codicibus
1348 1552 1564 1592 communia

114 1633 200 1661 sunt
212 1624 274 1661 illa
286 1624 403 1661 lexica
415 1637 496 1673 quae
511 1624 651 1673 glossas
667 1625 806 1661 habent
821 1637 841 1661 e
858 1626 980 1661 Sacris
997 1623 1119 1660 Libris
1135 1622 1328 1660 derivatas.
1351 1622 1562 1657 Commune

115 1690 226 1727 etiam
258 1699 298 1726 ut
324 1689 468 1726 videtur
496 1689 566 1726 fuit
593 1689 682 1726 illud
712 1690 877 1727 Lexicon
908 1690 968 1727 cui
998 1688 1126 1726 titulus
1158 1686 1369 1724 inscribitur
1398 1685 1436 1720 in
1468 1683 1561 1719 Cod.

53 1769 101 1795 20
116 1766 204 1804 345.
245 1756 419 1802 Συναγωγὴ
449 1753 563 1796 λέξεων
588 1757 749 1803 χρησίμων
775 1758 811 1790 ἐκ
839 1754 991 1804 διαφόρων
1020 1758 1127 1802 σοφῶν
1146 1769 1183 1789 τε
1202 1753 1256 1787 καὶ
1276 1750 1406 1800 ῥητόρων
1424 1753 1561 1790 πολλῶν,

115 1829 156 1858 ut
177 1820 319 1856 videtur
338 1819 432 1861 dico,
455 1818 539 1869 quia
559 1819 652 1856 Cod.
675 1831 750 1868 347
772 1819 865 1856 adeo
890 1818 1042 1855 mutilus
1063 1826 1132 1860 est,
1154 1825 1195 1853 ut
1215 1816 1260 1853 de
1287 1815 1331 1851 iis
1353 1826 1433 1864 quae
1459 1812 1496 1849 in
1518 1825 1562 1849 eo

114 1885 369 1923 desiderantur
406 1883 496 1920 nihil
534 1898 600 1935 pro
633 1893 734 1921 certo
765 1883 935 1921 affirmari
974 1891 1110 1934 potest,
1146 1879 1350 1932 praesertim
1388 1878 1486 1928 quod
1518 1877 1563 1913 ad

115 1950 280 1988 Literam
298 1951 332 1986 A
352 1957 515 2000 spectat;
548 1963 629 1999 quae
657 1948 804 1999 quidem
827 1949 952 1985 Litera
979 1949 1018 1984 in
1040 1948 1134 1984 Cod.
1157 1956 1230 1995 345
1257 1941 1563 1996 praestantissima

115 2024 153 2053 et
171 2014 426 2065 copiosissima
446 2023 502 2051 est
522 2014 636 2051 totius
656 2013 777 2065 operis
798 2027 891 2065 pars.
951 2015 1114 2064 Hujusce
1135 2021 1259 2049 autem
1284 2009 1421 2047 Literae
1447 2020 1564 2058 pauca

54 2091 98 2130 25
115 2088 260 2117 tantum
282 2088 480 2129 supersunt
495 2079 531 2115 in
551 2080 643 2116 Cod.
659 2091 733 2128 347
751 2094 760 2123 ;
788 2080 848 2116 sed
872 2079 974 2115 nulla
999 2078 1126 2115 insunt
1147 2075 1298 2127 vestigia
1313 2074 1410 2111 illius
1439 2074 1557 2110 abun-

115 2144 250 2182 dantiae
279 2144 571 2195 fragmentorum
603 2147 725 2181 omnis
753 2144 898 2195 generis
928 2143 1059 2193 quibus
1085 2142 1238 2180 refertus
1269 2148 1326 2177 est
1352 2139 1446 2176 Cod.
1468 2148 1558 2186 345·

115 2210 225 2247 Unde
254 2222 337 2246 cum
368 2208 405 2245 in
435 2208 574 2246 caeteris
601 2209 716 2246 literis
744 2209 837 2246 bene
868 2208 1106 2245 consentiant
1126 2205 1277 2248 Lexica,
1300 2203 1499 2256 probabilis
1521 2204 1562 2239 fit

115 2278 330 2326 conjectura
363 2274 540 2312 Codicem
570 2286 642 2325 345
681 2275 863 2326 posterius
891 2275 1082 2324 scriptum,
1109 2272 1380 2309 incrementum
1413 2270 1451 2305 in
1484 2268 1563 2305 sola

116 2339 221 2377 litera
240 2341 272 2377 A
293 2341 479 2391 accepisse
499 2354 542 2377 ex
563 2340 635 2377 alio
656 2340 760 2377 fonte
789 2339 1008 2382 derivatum,
1029 2346 1067 2376 et
1090 2336 1254 2388 primarii
1275 2334 1400 2373 Lexici
1422 2333 1562 2371 auctori

53 2417 102 2452 30
118 2404 359 2455 incognitum.
419 2406 539 2455 Atque
561 2414 600 2442 ut
630 2406 708 2442 haec
738 2405 865 2442 onmia
895 2405 1046 2442 Lectori
1076 2403 1192 2455 magis
1223 2403 1331 2439 obvia
1361 2401 1452 2436 fiant
1483 2399 1561 2435 haec

117 2468 320 2518 specimina
348 2469 434 2506 binc
464 2480 501 2507 et
532 2470 617 2507 inde
648 2471 867 2520 deprompta
888 2483 907 2506 e
929 2469 1021 2506 Cod.
1043 2480 1118 2518 347
1141 2467 1256 2505 oculis
1276 2470 1353 2517 ejus
1383 2465 1562 2516 subjicere

116 2532 241 2570 statui.
298 2533 358 2570 De
377 2534 514 2572 Codice
534 2542 657 2572 autem
679 2534 759 2585 ipso
780 2534 857 2571 haec
877 2534 1139 2571 Montfaucon.

171 2602 196 2618 “
217 2598 343 2634 Codex
364 2611 549 2637 cccxnvn
571 2599 658 2636 olim
688 2613 764 2636 eLx
792 2600 1104 2642 membranaceus,
1126 2595 1417 2648 antiquissimus,
1441 2607 1485 2630 1x
1505 2593 1560 2629 vel

117 2667 140 2682 ‘⁵
161 2675 185 2698 x
203 2663 338 2705 saeculi,
357 2672 396 2700 ut
412 2677 455 2700 ex
475 2664 555 2701 aliis
571 2664 773 2702 Codicibus
789 2664 849 2715 qui
871 2664 987 2702 aetatis
1008 2673 1135 2701 notam
1157 2663 1369 2714 praeferunt,
1386 2658 1560 2710 arguitur.

53 2733 100 2773 35
119 2732 142 2747 “
162 2728 349 2764 Foliorum
378 2738 463 2776 177.
524 2729 631 2766 Varia
650 2729 786 2767 Lexica
813 2730 994 2767 continet.
1052 2729 1128 2767 Hie
1157 2736 1331 2766 accentus
1352 2734 1389 2763 et
1409 2724 1559 2775 spiritus

118 2797 141 2812 ‘⁶
161 2792 344 2830 rarissime
375 2793 492 2844 prima
526 2808 634 2831 manu
665 2804 854 2839 notantur,
875 2809 918 2833 ex
947 2795 991 2832 iis
1012 2808 1096 2832 vero
1117 2796 1179 2844 qui
1201 2792 1453 2843 depinguntur
1485 2801 1558 2824 non

118 2862 142 2877 ‘⁸
163 2857 267 2907 pauci
287 2859 450 2896 secunda
471 2873 583 2896 manu
604 2860 713 2910 positi
734 2863 858 2899 sunt.'’

172 2923 252 2973 Ego
272 2931 395 2960 autem
417 2923 462 2961 de
482 2937 526 2961 eo
546 2925 624 2962 haec
644 2933 821 2963 annotata
840 2926 970 2962 habeo.

800 3003 827 3030 Y
852 3003 874 3032 2
