1898 3267
603 510 856 558 CODEX
906 507 1068 574 2636.

170 771 252 808 Hm
278 771 407 808 Codex
432 771 648 809 chartaceus
673 779 730 809 est
753 770 864 808 form.
885 769 922 807 in
943 769 1006 806 fol.
1030 776 1069 806 et
1094 766 1238 804 Saeculo
1264 765 1410 804 decimo
1430 766 1561 817 quinto

115 835 259 874 videtur
283 844 474 881 exaratus3
505 836 575 873 fuit
596 836 684 874 olim
704 837 736 874 F
737 835 893 874 rancisci
912 834 1082 879 Asulani‚
1103 842 1146 871 ut
1170 840 1326 870 testatur
1345 832 1560 884 Catalogus.

114 902 186 938 Est
208 909 332 938 autem
357 900 512 952 integer,
535 902 634 952 quod
656 903 696 939 in
723 900 866 939 Lexicis
896 901 1010 938 ran'us
1038 898 1184 942 evenit3
1216 906 1254 935 et
1278 897 1318 934 in
1346 897 1468 948 primo
1495 898 1561 937 fol.

77 979 98 1016 5
115 965 371 1004 minutissimis
390 966 662 1004 characteribus
682 966 846 1004 miniatis
865 966 934 1017 leg.
955 963 1084 1008 Λεξικὸν
1103 969 1158 1000 τοῦ
1177 965 1302 1000 Σουΐδα.
1357 964 1415 999 An
1437 970 1562 1000 autem

114 1044 237 1069 revera
253 1030 385 1069 Suidas
405 1033 453 1069 sit
470 1033 611 1069 Auctor
625 1031 878 1083 Etymologici
894 1030 1021 1069 Lexici
1038 1038 1171 1081 praeter
1188 1028 1293 1071 illud,
1307 1028 1407 1078 quod
1425 1041 1562 1065 nomen

113 1097 192 1145 ejus
211 1097 323 1146 vulgo
342 1110 418 1148 prae
438 1110 477 1135 se
495 1097 576 1140 fert,
595 1097 746 1134 videant
766 1096 830 1133 viri
850 1095 1209 1133 docti—Annotabo
1235 1102 1381 1130 tantum
1402 1094 1562 1130 eundem

114 1163 263 1199 titulum
291 1161 473 1199 invenisse
499 1161 718 1199 Salmasium
745 1161 783 1198 in
803 1161 984 1198 Palatinae
1006 1160 1252 1198 Bibliothecae
1272 1158 1425 1203 Lexico,
1447 1171 1468 1195 e
1488 1171 1562 1208 quo

113 1228 284 1276 quaedam
311 1226 515 1277 exscripsit,
537 1240 637 1264 nunc
661 1225 773 1264 etiam
800 1226 837 1263 in
861 1226 962 1263 Bibl.
984 1226 1081 1276 Reg.
1103 1224 1217 1262 Paris.
1240 1224 1442 1267 adservata,
1467 1223 1560 1260 Cod.

56 1308 100 1332 10
117 1292 216 1341 2657
229 1297 255 1329 ὃ.
292 1293 374 1343 Ego
394 1293 472 1329 haec
492 1291 723 1330 Salmasiana
740 1292 927 1342 Excerpta
945 1289 1087 1328 contuli
1108 1303 1191 1328 cum
1215 1289 1311 1328 Cod.
1328 1290 1425 1340 Reg.
1447 1288 1562 1337 2636,

113 1364 151 1394 et
179 1370 222 1394 ea
255 1356 411 1394 omnino
444 1359 654 1395 consentire
683 1357 815 1408 reperi.
873 1354 1087 1393 Consimilis
1121 1364 1178 1392 est
1206 1354 1317 1392 etiam
1349 1355 1445 1392 Cod.
1465 1355 1562 1405 Reg.

117 1422 217 1470 2638
252 1422 466 1460 chartaceus
499 1421 591 1472 ipse,
621 1430 659 1459 et
689 1420 854 1470 ejusdem
884 1421 959 1458 fere
992 1418 1110 1457 aetatis
1142 1433 1184 1456 ac
1217 1419 1331 1468 2636,
1360 1419 1423 1456 sed
1452 1419 1563 1456 titulo

114 1495 224 1531 caret,
245 1486 330 1537 quia
358 1486 464 1525 initio
488 1486 640 1524 mutilus
670 1496 739 1524 est.
798 1487 947 1523 Horum
969 1485 1088 1522 Codd.
1111 1485 1188 1522 haec
1218 1493 1331 1522 sunto
1358 1484 1564 1536 specimina

113 1565 134 1590 e
154 1552 230 1589 Lit.
251 1553 293 1589 A.

54 1690 99 1728 15
182 1671 462 1733 Incipit—Tb
496 1695 524 1719 α
558 1673 595 1719 ἐν
628 1678 680 1737 τῇ
718 1672 890 1718 συνθέσει
923 1670 947 1729 ὴ
980 1670 1165 1734 στέρησιν
1203 1669 1402 1730 σημαίνει,
1437 1669 1485 1722 ὥς
1519 1668 1563 1716 τὸ

115 1749 262 1810 ἄφιλος
286 1749 353 1796 καὶ
384 1750 568 1808 ἄκλητος·
604 1749 629 1808 ἢ
661 1750 829 1813 ἄθροισιν
853 1749 900 1801 ὥς
924 1747 967 1794 τὸ
990 1757 1068 1801 πᾶς
1092 1745 1211 1800 ἅπας·
1248 1746 1272 1804 ἢ
1304 1745 1485 1794 ἐπίτασιν
1517 1747 1565 1799 ὦς

117 1827 192 1886 ῧλη
223 1827 380 1884 ἄξυλος,
415 1830 439 1886 ἡ
473 1827 702 1883 πολύξυλος,
728 1825 794 1874 καὶ
825 1827 987 1889 ἀχανὲς,
1010 1825 1055 1872 τό
1093 1824 1259 1872 ἐπιπολὺ
1295 1824 1472 1887 κεχηνὸς,
1498 1824 1566 1870 καὶ

114 1906 243 1958 ἅτλας
267 1907 284 1952 ὃ
307 1907 407 1952 πάνυ
429 1903 668 1969 καρτερικός·
694 1903 718 1962 ἢ
741 1903 786 1951 τὸ
811 1906 920 1965 ὁμοῦ,
939 1903 988 1956 ὥς
1006 1902 1050 1950 τὸ
1075 1901 1251 1961 ἀδελφὸς
1269 1900 1335 1949 καὶ
1358 1901 1566 1955 ἀκόλουθος

113 1985 132 2030 ὅ
162 1983 425 2044 ὅμοκέλευθος,
450 1981 517 2030 καὶ
541 1984 786 2045 ἀγάλακτες,
804 1983 903 2042 (hoc
927 1986 1023 2028 add.
1046 2000 1129 2027 rec.
1154 1983 1288 2043 man.)
1313 1979 1380 2027 καὶ
1404 1979 1564 2042 ἀνίσχει

50 2080 98 2104 20
113 2067 331 2119 ποιητικῶς,
354 2060 469 2123 ἤγουν
499 2057 588 2122 ἅμα
618 2059 742 2122 ἴσχει,
767 2057 834 2106 καὶ
863 2060 1013 2112 ἄκοιτις
1045 2061 1069 2117 ἦ
1100 2060 1345 2121 παράκοιτις.
1396 2057 1490 2104 ποτὲ
1523 2057 1564 2104 δὲ

112 2139 229 2197 δηλοῖ
253 2137 298 2185 τὸ
331 2137 461 2194 κακὸν,
486 2138 535 2191 ὧς
557 2138 707 2198 ἄφωνος
731 2139 749 2184 ὂ
781 2136 1014 2197 κακόφωνος,
1040 2134 1107 2183 καὶ
1140 2135 1273 2197 ἀφύης
1297 2137 1315 2182 o‘
1347 2135 1564 2194 κακοφῦης.

111 2215 135 2274 ἢ
165 2215 208 2263 τὸ
243 2215 340 2273 ἴσον,
363 2216 411 2269 ὥς
434 2216 656 2269 ἀτάλαντος
681 2216 729 2268 ὦς
754 2215 1028 2267 ι’σοτοῖλαντος.
1071 2214 1165 2261 ποτὲ
1198 2214 1238 2261 δὲ
1268 2211 1312 2259 τὸ
1347 2211 1491 2275 ὀλίγον,
1517 2213 1565 2265 ὧς

112 2293 155 2342 το
189 2295 344 2356 ἀμαθὴς
366 2300 572 2352 ποιητικῶς
603 2297 621 2341 o‘
653 2294 906 2356 ὄλιγομαθης,
931 2291 997 2339 καὶ
1028 2291 1226 2356 ἅπειροςῦ
1260 2290 1398 2353 ὀλίγην
1429 2298 1565 2353 πεῖραν

113 2373 223 2436 ἔχων.
271 2370 387 2421 ε’νιότε
423 2373 464 2420 δὲ
491 2373 692 2430 πλεονάζει
727 2371 924 2427 Ἀττικῶς,
947 2370 1067 2432 μηδὲν
1095 2367 1304 2433 σημαίνων,
1328 2369 1377 2423 ὧς
1407 2371 1565 2432 στάχυς

53 2468 96 2506 25
112 2451 312 2514 ἄσταχυς,
335 2449 402 2497 καὶ
426 2449 578 2510 σταφῖς
601 2451 798 2509 ἀστάφις.
845 2446 872 2496 οἳ
907 2446 934 2495 οἳ
965 2448 1052 2512 παρ’
1075 2448 1344 2512 Ἀριστοφάνει
1369 2447 1564 2512 ἐπίρρημα

111 2528 199 2590 μετ’
225 2529 442 2587 ἐκπλήξεως
469 2527 535 2574 καὶ
558 2527 776 2579 κελεύσεως

580 2610 604 2647 ἂ
621 2610 646 2646 οἳ
666 2611 723 2655 τὴν
742 2612 827 2656 δᾷδα
845 2610 891 2658 μὴ
910 2610 1078 2660 πρόσφερε.

177 2698 520 2746 ἈΔοΚίΜΑΣΤοΣῖ
556 2703 709 2744 citatur
732 2696 918 2750 Αἶλιανός
942 2697 979 2744 ἐν
1002 2702 1055 2762 τῷ
1077 2695 1164 2761 περὶ
1188 2696 1375 2760 προνοίας.

170 2852 189 2872 a
222 2843 340 2880 Catal.
373 2844 558 2893 Excerpta
591 2856 611 2879 e
646 2841 767 2880 Suidae
800 2842 1060 2894 Etymologico
1095 2841 1262 2879 nondum
1295 2840 1486 2890 publicato
1524 2848 1562 2876 et,

116 2897 270 2934 Claudio
301 2897 484 2934 Salmasio
513 2910 533 2934 e
561 2895 798 2934 Bibliotheca
824 2896 990 2935 Palatina
1018 2895 1310 2935 communicato.
1369 2895 1406 2931 Is
1433 2893 1562 2931 Codex

117 2950 259 2988 Claudii
283 2951 451 2989 Salmasii
471 2964 583 2988 manu
603 2959 769 2988 exaratus
789 2959 858 2987 est.

817 3026 879 3055 12
