1898 3267
249 494 824 538 }RAMMAT1CORUM
867 489 1284 533 INEDITORUM
1327 485 1694 528 SPECIMINA.

764 788 1005 829 CODEX
1049 779 1171 846 387.

288 943 421 979 PAUCA
441 947 529 977 sunt
549 951 630 989 quae
661 950 711 974 ex*
734 936 884 974 ineditis
914 937 1259 973 Grammaticorum
1287 936 1505 971 Graecorum
1539 931 1702 982 reliquiis

233 1006 344 1044 nobis
373 1005 707 1057 suppeditaverunt
726 1001 886 1039 Codices
908 1001 1156 1039 Bibliothecae
1176 999 1409 1037 parisiensis.
1467 999 1572 1036 Adeo
1601 999 1702 1035 enim

235 1075 304 1110 hac
338 1079 444 1122 parte
477 1078 627 1108 strenue
661 1068 947 1106 elaboraverunt
980 1065 1188 1103 doctissimi
1217 1065 1308 1109 Viri,
1340 1065 1545 1107 Bekkerus,
1577 1063 1736 1100 Βοιὼ-5

236 1151 409 1182 mannus,
432 1135 691 1174 Boissonadus
718 1142 756 1171 et
777 1132 851 1174 alii,
880 1140 921 1169 ut
953 1130 1043 1168 nihil
1071 1131 1148 1168 fere
1174 1132 1306 1168 ceteris
1335 1129 1538 1181 philologis
1569 1128 1702 1167 eodem

235 1216 369 1254 campo
399 1200 684 1240 decurrentibus
725 1198 980 1249 peragendum
1012 1196 1242 1247 reliquerint.
1301 1197 1390 1233 Duo
1422 1195 1634 1243 fragmenta
1666 1194 1703 1231 in

236 1270 306 1306 hac
338 1266 494 1305 materie
523 1266 633 1303 nobis
664 1263 823 1316 praebuit
854 1263 982 1300 Codex
1013 1262 1169 1299 Coislin.
1192 1262 1282 1309 387.
1313 1261 1358 1298 de
1388 1274 1462 1310 quo
1485 1259 1565 1307 jam
1593 1259 1706 1296 verba

237 1333 393 1372 fecimus
429 1331 475 1368 ad
507 1329 649 1368 Scholl.
688 1329 805 1365 Hom.
841 1341 876 1377 p.
903 1338 990 1376 ²94·
1061 1324 1166 1362 Prius
1201 1334 1418 1374 excerpium
1456 1324 1533 1371 Περὶ
1566 1323 1707 1371 ῥήματος

238 1396 428 1448 Anonymi
458 1404 514 1433 est
535 1393 722 1436 Auctoris,
744 1392 808 1430 sed
836 1392 991 1429 fortasse
1014 1391 1270 1427 Choeroboseo
1303 1389 1472 1431 debetur,
1497 1387 1706 1424 Herodiani
1725 1396 1769 1420 10

238 1463 471 1512 aliorumque
510 1460 750 1510 antiquorum
789 1456 1060 1508 Magistrorum
1103 1455 1266 1492 maximo
1313 1453 1532 1504 expilatori;
1573 1461 1610 1490 et
1647 1451 1706 1490 cui

239 1527 396 1579 perinde
417 1528 553 1564 multas
581 1534 747 1563 veterum
776 1524 982 1559 Auctorum
1014 1519 1167 1557 lacinias
1200 1520 1392 1557 debemus.
1453 1520 1588 1555 Grates
1617 1530 1706 1568 ergo

240 1592 393 1645 agendae
422 1599 512 1628 sunt
537 1588 754 1628 Gaisfordio
775 1594 917 1628 nostro,
939 1598 1088 1622 summo
1110 1586 1326 1621 Graecarum
1348 1583 1538 1620 literarum
1559 1582 1707 1627 cultori,

240 1657 338 1707 quod
369 1657 581 1693 universum
604 1653 849 1691 Choerobosci
876 1652 914 1688 in
945 1650 1202 1688 Theodosium
1225 1648 1552 1687 Commentariun]
1575 1660 1709 1699 prope-

242 1723 395 1760 modum
417 1720 583 1758 editurus
603 1718 652 1756 sit
671 1732 692 1756 e
711 1717 852 1755 Codice
870 1715 1080 1753 Parisiensi,
1727 1719 1770 1758 15

295 1787 466 1824 Alterum
483 1785 631 1823 brevius
644 1791 860 1833 excerptum
883 1796 904 1819 a
925 1781 1033 1819 nobis
1057 1794 1156 1819 nunc
1177 1781 1339 1832 primum
1357 1781 1560 1832 vulgatum,
1576 1780 1710 1817 Timo·

243 1853 320 1890 thei
347 1850 476 1888 Gazaei
508 1859 577 1893 est,
609 1849 671 1900 qui
704 1847 871 1886 floruisse
902 1846 1045 1884 videtur
1070 1846 1272 1884 Anastasio
1303 1853 1497 1897 regnante,
1531 1853 1571 1882 ut
1600 1844 1711 1882 refert

245 1917 378 1955 Suidas
400 1915 462 1966 qui
484 1919 562 1966 eJus
583 1927 698 1965 opera
718 1920 900 1955 recenset,
923 1923 961 1952 et
980 1917 1085 1964 cujus
1116 1911 1237 1963 operis
1259 1911 1305 1949 de
1326 1910 1565 1948 Animalibus
1594 1922 1712 1960 pauca

243 1980 407 2033 pedestri
423 1992 598 2018 sermone
616 1979 803 2030 descripta
823 1980 967 2031 vulgavi
987 1993 1008 2016 e
1030 1979 1126 2015 Cod.
1144 1979 1301 2015 Barocc‚
1322 1990 1384 2026 50.
1421 1975 1564 2014 Anecd.
1585 1976 1710 2012 Oxon.

245 2056 272 2084 t.
290 2048 360 2084 IV.
381 2060 418 2096 p.
440 2046 529 2094 263.
551 2054 590 2082 et
610 2058 715 2095 seqq.
1729 2044 1777 2069 20

299 2110 460 2161 Reliqua
479 2109 788 2147 Grammaticalia
813 2117 986 2160 excerpta
1006 2116 1093 2147 sunt
1114 2121 1133 2145 e
1154 2108 1248 2146 Cod.
1276 2119 1391 2156 2720,
1415 2119 1573 2157 quorum
1596 2108 1714 2157 major

245 2189 328 2227 pars
357 2175 507 2225 quidem
529 2177 610 2225 jam
638 2175 684 2211 ab
706 2174 930 2211 Hermanno
951 2173 1104 2225 vulgata
1124 2181 1211 2210 sunt
1235 2182 1274 2209 ut
1293 2173 1403 2224 Frag.
1425 2171 1553 2209 Lexici
1575 2173 1643 2209 Gr.
1665 2172 1712 2209 ad

245 2240 396 2278 Calcem
418 2241 505 2277 Rat.
523 2239 687 2276 Emend.
704 2240 835 2276 Gram.
859 2253 896 2289 p.
915 2251 1007 2288 319.
1029 2239 1094 2275 sed
1114 2251 1199 2275 cum
1223 2237 1370 2288 plenior
1389 2238 1437 2274 sit
1458 2237 1574 2274 Liber
1595 2237 1711 2274 Paris.

246 2318 289 2342 ea
309 2306 434 2342 denuo
463 2304 607 2354 integra
627 2305 672 2341 ad
693 2304 804 2341 fidem
826 2302 904 2351 ejus
926 2302 1075 2341 Codicis
1097 2302 1283 2344 exhibere,
1306 2315 1428 2353 operae
1451 2302 1610 2352 pretium
1633 2315 1714 2341 esse

246 2371 347 2408 duxi
1732 2367 1776 2405 25

798 2490 915 2535 ssepi
939 2489 1169 2535 ‘mium-02.

314 2591 495 2636 ‘PHMA
541 2586 628 2635 ἐστὶ
665 2588 780 2650 μέρος
823 2588 941 2650 λόγου
979 2589 1168 2644 ἄπτωτον,
1209 2589 1244 2636 ἓν
1287 2589 1396 2641 ι’διόις
1438 2609 1717 2649 μετασχημα-

250 2674 412 2730 τισμοῒς
448 2665 658 2728 διαφόρους
700 2665 856 2727 χρόνους
893 2667 1030 2722 δηλοῦν
1068 2667 1156 2728 μετ’
1195 2667 1402 2729 ἐνεργείας,
1440 2667 1464 2724 ἢ
1498 2668 1658 2721 πάθους,
1693 2665 1717 2722 ἢ

252 2746 448 2809 οὐδετέρου
485 2743 690 2807 προσώπου
733 2750 993 2803 σημαντικοῦ,
1031 2745 1093 2791 ὅτε
1130 2743 1204 2797 τὰς
1243 2751 1314 2802 τῆς
1350 2750 1484 2806 ψυχῆς
1522 2743 1719 2793 διαθέσεις

253 2825 377 2881 δηλοῖ.
426 2821 550 2868 Πόσα
572 2823 734 2884 ῥήματα
769 2821 865 2883 α”χρι
901 2827 968 2868 τοῦ
1004 2827 1276 2884 ‘napa-ranno?
1311 2821 1538 2873 κλι’νονται;
1578 2819 1628 2867 τοὶ
1655 2818 1719 2867 ὃιᾶ
1734 2839 1784 2875 3ο

255 2906 320 2947 τοῦ
351 2921 425 2946 ανω
459 2899 670 2962 βαρύτονα,
698 2896 770 2945 οἷον
803 2901 1016 2960 λαμβάνω,
1040 2903 1231 2960 μανθάνω·
1270 2897 1335 2945 καὶ
1363 2897 1412 2945 τοὶ
1439 2896 1502 2944 8ιοῖ
1529 2904 1596 2945 τοῦ
1631 2902 1718 2952 αθω,
