1971 3267
234 526 715 573 ETYMOLOGICI
753 524 974 572 GRAECI
1013 526 1464 574 PARISIENSES

752 656 801 679 ΕΤ
823 656 875 679 Ex
898 656 949 679 Hs

509 758 734 798 VARIA
780 758 1196 799 SPECIMINA.

179 1041 299 1081 QUAM
334 1041 494 1093 plurima
525 1042 717 1080 Glossaria
746 1052 785 1081 et
817 1044 954 1081 Lexica
989 1044 1119 1081 Graeca
1151 1042 1317 1093 possidet
1347 1041 1582 1078 Bibliotheca

87 1113 108 1152 5
126 1107 245 1159 Regia
264 1107 492 1150 Parisiensis,
514 1122 595 1158 quae
616 1109 691 1146 fere
721 1110 850 1146 onmia
877 1109 1035 1159 inspexi,
1059 1118 1096 1146 et
1123 1108 1206 1158 plus
1235 1109 1401 1144 minusve
1425 1106 1580 1143 excussi.

125 1172 200 1209 Sed
220 1170 250 1208 si
270 1171 578 1222 praestantissima
606 1171 669 1209 illa
700 1173 927 1223 Seguierana
956 1173 1131 1222 excipias,
1154 1185 1175 1208 a
1194 1171 1367 1208 Bekkero
1393 1179 1430 1207 et
1457 1171 1581 1208 Bach-

126 1251 265 1274 manno
285 1236 397 1279 edita,
419 1236 670 1287 omnibusque
696 1237 895 1288 philologis
922 1245 1022 1281 nota,
1043 1237 1145 1273 nulla
1166 1235 1256 1273 inihi
1278 1237 1356 1272 visa
1382 1244 1481 1277 sunt,
1502 1249 1583 1285 quae

125 1316 191 1353 per
209 1315 247 1339 se
267 1310 380 1352 atque
399 1302 544 1352 integra
564 1302 713 1353 vulgare
734 1316 857 1353 operae
880 1303 1041 1353 pretium
1070 1311 1191 1344 esset3
1224 1310 1265 1339 ut
1284 1316 1365 1351 quae
1388 1301 1518 1351 majori
1541 1315 1584 1338 ex

126 1375 230 1418 parte
257 1380 342 1403 cum
370 1366 480 1404 editis
507 1367 655 1405 Lexicis
686 1367 922 1404 conveniant.
981 1366 1082 1404 Mihi
1108 1367 1233 1418 potius
1260 1380 1341 1404 esse
1361 1366 1476 1403 visum
1499 1366 1584 1411 fuit,

67 1445 112 1469 10
127 1446 209 1483 quae
229 1433 268 1469 in
288 1431 346 1469 his
372 1432 474 1469 libris
496 1445 590 1469 nova
609 1442 647 1470 et
669 1441 801 1470 notatu
821 1432 935 1482 digna
955 1433 1073 1483 reperi
1095 1445 1289 1482 excerpere
1309 1441 1346 1469 et
1365 1432 1460 1483 typis
1482 1446 1585 1469 coni-

128 1499 286 1535 mittere.
344 1499 554 1535 Praesertim
576 1507 699 1536 autem
719 1499 755 1535 in
778 1512 841 1536 eos
859 1499 1017 1536 Codices
1038 1511 1188 1549 operam
1212 1497 1394 1548 insumpsi
1413 1498 1475 1548 qui
1493 1500 1583 1549 Ety-

128 1562 311 1615 rnologica
332 1562 470 1600 Lexica
489 1563 738 1601 continerent.
798 1566 892 1601 Haec
922 1564 960 1600 in
986 1564 1121 1601 classes
1149 1572 1331 1614 quantum
1361 1564 1437 1600 fieri
1462 1563 1587 1614 potuit

129 1628 311 1671 distribui,
345 1637 383 1665 et
416 1641 544 1665 eorum
576 1629 782 1679 specimina
809 1629 896 1666 satis
930 1629 1065 1679 ampla,
1104 1630 1231 1679 (quarn
1267 1628 1450 1666 rationem
1482 1629 1587 1666 video

129 1695 299 1744 exemplo
337 1694 496 1731 virorum
537 1694 734 1731 doctorum
774 1695 1076 1732 commendatam
1092 1696 1126 1742 a)
1168 1693 1330 1737 exhibui,
1365 1703 1407 1732 ut
1444 1694 1586 1731 indoles

72 1771 112 1807 15
129 1772 258 1796 eorum
293 1766 331 1795 et
363 1758 520 1796 varietas
557 1772 600 1796 ex
638 1761 920 1810 comparatione
958 1774 1044 1797 cuni
1082 1759 1241 1811 vulgatis
1277 1760 1379 1797 libris
1419 1759 1587 1811 dignosci

132 1833 297 1875 possent.

186 1889 333 1927 Classes
365 1897 490 1926 autem
523 1888 575 1926 sic
608 1891 824 1927 constitutae
857 1899 1016 1940 quatuor
1053 1899 1152 1927 sunt.
1228 1904 1259 1927 1.
1299 1890 1588 1941 Etymologicon

132 1955 331 2005 Magnum.
394 1967 425 1990 2.
455 1954 747 2005 Etymologicon
768 1955 997 1992 Gudianum.
1067 1968 1103 2003 3.
1135 1955 1299 1992 Lexicon
1321 1956 1488 1993 Zonarae.
1549 1968 1586 2003 4.

133 2019 297 2057 Lexicon
320 2019 459 2070 Cyrilli.
517 2020 578 2056 De
604 2018 738 2068 quibus
771 2021 878 2057 nobis
910 2021 1095 2071 agendum
1119 2020 1190 2057 erit
1210 2021 1341 2058 eodem
1364 2021 1493 2057 ordine
1515 2035 1588 2070 quo

71 2095 118 2120 20
134 2099 234 2122 nunc
256 2093 510 2123 recensentur.

497 2206 939 2244 ETYMOLOGICON
969 2207 1225 2244 MAGNUM.

190 2294 359 2344 Hujusce
380 2292 507 2330 Lexici
537 2293 705 2331 omnium
727 2294 892 2344 ejusdem
920 2295 1068 2344 generis
1095 2292 1402 2344 praestantissimi,
1425 2302 1461 2330 at
1486 2297 1591 2344 cujus

136 2357 310 2395 rarissimi
342 2366 429 2394 sunt
458 2356 632 2399 Codices,
663 2372 779 2395 unum
814 2366 959 2395 tantum
993 2359 1181 2410 exemplar
1213 2359 1326 2395 habet
1355 2357 1593 2395 Bibliotheca

139 2424 355 2462 l'arisiensis
376 2424 435 2461 cui
454 2425 492 2461 in
509 2424 690 2476 Catalogo
712 2424 920 2476 assignatur
936 2438 1110 2462 numerus
1130 2425 1244 2473 2654.
1291 2423 1365 2461 Hic
1382 2424 1496 2461 codex
1518 2424 1593 2460 for-

75 2498 119 2536 25
139 2505 207 2527 mae
223 2491 259 2527 in
277 2498 335 2538 40.
355 2491 601 2542 bombycinus
617 2498 673 2528 est
694 2498 731 2527 et
750 2504 882 2541 parum
904 2491 1094 2542 eleganter
1109 2492 1280 2541 scriptus,
1300 2489 1446 2527 decimo
1462 2498 1594 2539 quarto

137 2556 272 2593 saeculo
299 2565 340 2593 ut
367 2556 478 2593 refert
498 2556 713 2607 Catalogus.
771 2555 832 2592 De
861 2558 938 2606 ejus
970 2563 1094 2593 autem
1126 2555 1340 2606 praestantia
1369 2563 1407 2592 et
1433 2555 1595 2592 utilitate

138 2622 183 2658 ad
204 2621 480 2659 emendandum
501 2621 795 2672 Etymologicon
823 2619 926 2669 cujus
958 2630 1015 2658 est
1045 2623 1292 2673 apographus,
1315 2621 1422 2658 nobis
1452 2620 1595 2671 plenio-

140 2700 216 2724 rem
245 2686 516 2737 certioremque
557 2687 730 2724 notitiam
764 2686 867 2723 dabit
898 2686 1158 2737 proculdubio,
1192 2687 1425 2723 Gaissordius
1456 2694 1593 2729 noster,

184 2836 203 2855 a
226 2831 246 2846 “
264 2829 377 2869 Operae
402 2830 532 2860 omnino
558 2830 696 2870 pretium
713 2829 825 2868 foret,''
850 2829 895 2860 ait
920 2829 1114 2860 Titmannus
1137 2829 1170 2858 in
1196 2829 1280 2859 Prol.
1307 2830 1346 2859 ad
1371 2830 1486 2859 Zonar.
1517 2829 1594 2859 Lex.

141 2884 171 2913 p.
185 2872 262 2903 xliii.
288 2873 479 2904 Lexicorum
505 2874 661 2912 omnium,
683 2884 752 2913 quae
777 2873 880 2903 adhuc
907 2873 941 2903 in
966 2872 1170 2903 Bibliothecis
1194 2872 1304 2911 latent,
1322 2872 1509 2913 catalogum
1525 2883 1598 2903 con-

141 2917 287 2955 scribere,
303 2916 429 2956 singula
455 2917 596 2957 plurium
620 2917 762 2948 virorum
778 2918 941 2949 doctorum
963 2927 1058 2956 opera
1073 2916 1224 2955 conferre,
1249 2922 1281 2947 et
1305 2916 1427 2956 idonea,
1444 2916 1499 2947 ubi
1521 2926 1599 2957 opus

143 2960 250 2999 fuerit,
267 2961 438 3001 specimina
452 2962 551 2992 edere.

848 3028 918 3057 ΒΖ
