1898 3267
278 705 639 752 APPENDIX
676 706 773 750 AD
811 704 1170 752 EXCERPTA
1210 703 1512 750 POETICA.

549 1038 791 1079 cooEX
833 1044 955 1097 352.
1003 1037 1243 1078 SUPPL-

219 1189 467 1224 APPENDICIS
489 1187 573 1224 loco
594 1187 666 1223 huc
691 1187 837 1224 contuli
857 1186 1028 1236 quaedam
1051 1186 1240 1236 poematia
1259 1197 1280 1222 e
1301 1185 1397 1221 Cod.
1420 1185 1514 1235 Reg.
1538 1186 1635 1234 Sup-

165 1253 345 1304 plement.
376 1262 467 1302 352,
496 1264 608 1302 quem
637 1252 760 1288 obiter
788 1259 939 1288 tantum
971 1250 1064 1287 mihi
1095 1249 1281 1300 inspicere
1310 1250 1524 1298 contigerat
1549 1262 1635 1286 cnm

129 1327 150 1365 5
166 1317 290 1368 priore
318 1330 419 1354 anno
451 1315 600 1354 Parisiis
626 1328 805 1353 versarer.
865 1316 995 1352 Codex
1017 1323 1143 1351 autem
1166 1322 1222 1350 est
1243 1314 1382 1351 Bomb.
1406 1316 1499 1351 Saec.
1522 1315 1635 1351 XIII.

166 1390 351 1419 exaratus.
419 1382 556 1418 Insunt
589 1382 628 1417 in
657 1394 704 1418 eo
755 1394 787 1418 1.
831 1379 996 1417 Himerii
1038 1378 1254 1416 Orationes,
1331 1391 1365 1415 2.
1409 1377 1554 1414 AEliani
1592 1378 1638 1414 de

166 1447 348 1497 Propriet.
387 1446 550 1483 Animal.
580 1446 665 1483 libr.
692 1446 824 1483 XVII.
895 1458 933 1493 3.
976 1443 1158 1492 Ejusdem
1194 1442 1319 1480 Variae
1350 1442 1543 1479 Historiae.
1601 1455 1638 1490 4.

166 1510 372 1548 Theodosii
401 1509 598 1548 Excidium
629 1512 764 1548 Cretae.
825 1521 860 1559 5.
892 1509 1110 1547 Philostrati
1141 1508 1339 1560 Epistolae.
1399 1509 1436 1545 6.
1466 1507 1639 1557 Theopli.

168 1577 388 1614 Simocattae
407 1575 604 1626 Epistolae.
665 1587 700 1624 7.
730 1575 839 1612 Bruti
870 1574 1067 1626 Epistolae.
1128 1574 1163 1610 8.
1194 1575 1257 1611 De
1288 1574 1485 1610 Laconum
1520 1573 1639 1608 brevi-

113 1640 309 1691 toloquio.
367 1654 405 1690 9.
436 1639 677 1689 Alciphronis
710 1640 891 1677 Rhetoris
921 1638 1114 1689 Epistolae.
1178 1652 1236 1675 10.
1269 1638 1498 1675 Encomiuin
1532 1637 1642 1688 Agri-

169 1707 336 1744 culturae.
400 1718 461 1742 11.
493 1704 711 1755 Descriptio
733 1705 843 1741 horti.
909 1717 969 1741 12.
1002 1704 1187 1740 Collectio
1217 1703 1495 1754 poematiorum
1518 1702 1642 1738 omnis

168 1770 315 1822 generis
354 1779 429 1807 tarn
473 1771 568 1807 sacri
602 1783 716 1819 quam
754 1768 900 1820 profani
939 1769 986 1805 ab
1035 1771 1236 1818 Anonymo
1274 1768 1439 1817 quodam
1479 1767 1642 1803 Auctore

171 1844 399 1874 coacervata.
469 1836 619 1872 Horum
657 1847 744 1871 vero
780 1835 999 1871 Carminun]
1031 1833 1143 1883 longe
1174 1835 1293 1883 major
1322 1845 1406 1882 pars
1437 1829 1642 1868 Christiani

169 1909 227 1938 est
241 1901 478 1951 Argumenti‚
496 1908 534 1936 et
547 1900 763 1950 Byzantino
780 1898 929 1936 cuidam
945 1897 1092 1935 serioris
1110 1896 1230 1933 aetatis
1251 1904 1373 1946 poetae
1395 1894 1643 1946 proculdubio

113 1977 154 2013 15
171 1965 390 2003 ascribenda
410 1973 480 2002 est.
535 1964 691 2000 Illorum
715 1972 840 2000 autem
862 1963 1032 2013 quaedam
1054 1961 1211 1999 omnino
1234 1960 1369 1997 similia
1389 1968 1478 1997 sunt
1497 1959 1539 1996 iis
1561 1973 1643 2009 quae

171 2031 270 2067 inter
289 2028 502 2067 Christiana
521 2028 807 2080 Epigrammata
837 2027 981 2065 rettulit
1005 2025 1204 2064 Jacobsius
1224 2025 1380 2062 Anthol.
1405 2025 1521 2061 Palat.
1542 2026 1587 2061 T.
1610 2025 1642 2061 Ι.

172 2108 236 2145 pp.
261 2107 375 2143 1-34.
432 2093 654 2131 consimilia
685 2093 799 2130 etiam
832 2094 945 2130 habet
976 2092 1070 2129 liber
1088 2092 1176 2128 MS.
1198 2104 1219 2128 a
1238 2090 1432 2127 Bandurio
1454 2089 1490 2126 in
1513 2089 1641 2140 Antiq.

173 2159 507 2210 Constantinopol.
540 2159 630 2196 satis
664 2166 836 2196 accurate
872 2158 1073 2200 indicatus,
1096 2167 1132 2194 et
1162 2155 1225 2206 qui
1257 2169 1332 2192 non
1369 2155 1534 2192 diversus
1564 2167 1644 2191 esse

171 2224 317 2262 videtur
347 2236 390 2261 ac
421 2224 550 2261 Codex
581 2224 723 2274 Regius
755 2224 856 2272 1630
891 2235 911 2259 e
942 2236 1016 2272 quo
1050 2221 1232 2258 nonnulla
1263 2220 1366 2257 dedit
1396 2221 1441 2255 V.
1463 2221 1505 2256 C.
1537 2219 1645 2256 Bois-

113 2306 161 2330 20
174 2290 314 2327 sonade
333 2289 371 2326 in
393 2289 537 2327 Anecd.
560 2290 628 2326 Gr.
681 2288 764 2325 Alia
783 2287 984 2338 prolixiora
1014 2295 1115 2331 sunt,
1139 2299 1206 2323 nec
1237 2284 1388 2336 quiden]
1417 2284 1646 2322 inconcinne

175 2364 239 2392 aut
265 2367 333 2405 pro
365 2362 476 2391 aetate
506 2353 568 2390 illa
598 2353 833 2404 ineleganter
863 2353 1014 2402 scripta.
1072 2353 1210 2388 Praeter
1238 2352 1318 2388 haec
1348 2360 1474 2387 autem
1505 2350 1542 2386 in
1574 2350 1646 2386 fine

176 2419 359 2456 nonnulla
392 2417 633 2456 inveniuntur
665 2417 976 2468 Epigrannnata3
1019 2429 1176 2465 quorum
1210 2418 1327 2466 major
1360 2429 1444 2465 pars
1476 2415 1512 2451 in
1548 2414 1647 2451 edita

175 2482 408 2534 Anthologia
427 2491 558 2527 exstat,
582 2495 700 2533 pauca
719 2495 805 2519 vero
834 2481 973 2519 inedita
1001 2480 1144 2518 caeteris
1175 2481 1393 2518 intermixta
1413 2489 1513 2518 sunt.
1546 2479 1646 2517 Ubi-

176 2562 249 2598 que
268 2556 393 2585 autern
414 2549 614 2585 Poetarum
635 2546 791 2584 nomina
811 2547 1026 2583 reticentur.
1079 2547 1172 2583 Haec
1192 2546 1321 2583 onmia
1341 2545 1490 2596 vulgata
1510 2544 1647 2595 pariter

114 2626 161 2665 25
178 2626 220 2650 ac
242 2626 317 2650 non
344 2613 493 2664 vulgata
522 2610 753 2662 publicanda
778 2611 914 2654 curavi,
940 2618 979 2646 ut
1000 2611 1045 2648 de
1067 2619 1145 2647 tota
1166 2611 1234 2647 hac
1254 2610 1488 2652 collectione,
1512 2610 1647 2647 rectius

171 2676 362 2725 judicium
397 2677 492 2714 ferre
527 2684 641 2726 queat
674 2676 815 2713 lector:
858 2684 1019 2726 quatuor
1053 2683 1199 2712 tantum
1235 2674 1363 2712 omissi
1401 2683 1490 2711 sunt
1520 2673 1647 2724 hymni

177 2741 291 2792 vulgo
310 2741 451 2777 Joanni
472 2741 687 2777 Geometrae
717 2738 900 2783 attributi,
922 2738 984 2789 qui
1005 2739 1041 2775 in
1066 2737 1206 2776 Codice
1236 2736 1393 2787 poeticae
1426 2735 1511 2772 huic
1531 2735 1647 2771 farra-

181 2806 257 2857 gini
280 2805 419 2856 praefixi
440 2813 541 2843 sunt.
592 2806 734 2842 Forsan
753 2811 792 2842 et
812 2803 883 2841 alia
907 2813 995 2841 sunt
1022 2817 1103 2853 quae
1133 2804 1256 2840 eidem
1288 2801 1431 2839 auctori
1461 2800 1644 2852 assignari

183 2870 358 2908 debeant.

299 2986 396 3015 VOL.
420 2987 481 3015 IV.
887 2987 917 3013 M
945 2987 982 3012 nl
