1898 3267
607 289 946 337 LEXICON
993 289 1438 337 GUDIANUM.

353 491 481 527 INTER
502 490 748 541 Etymologos
769 491 933 535 Graecos,
951 499 1035 541 post
1055 490 1158 527 illum
1179 492 1241 542 qui
1261 490 1393 542 Magni
1416 489 1570 527 nomine
1589 487 1744 540 insigni-

300 561 370 596 tur,
387 554 591 591 secundum
609 555 745 597 locum,
762 555 826 592 sed
843 555 955 606 longo
970 554 1058 592 satis
1078 556 1282 599 intervallo,
1301 555 1446 593 obtinet
1461 553 1628 592 Lexicon
1644 552 1744 603 quod

299 618 407 669 vulgo
428 618 642 656 Gudianum
663 620 880 671 appellatur.
937 619 1010 657 Vix
1030 629 1154 658 autem
1178 620 1271 657 ullus
1295 629 1413 658 exstat
1433 620 1525 657 liber
1544 620 1606 669 qui
1628 617 1744 669 pluri-

299 683 365 719 bus
394 692 459 721 aut
485 683 701 722 foedioribus
731 685 960 722 deformatur
989 685 1107 730 vitiis;
1144 687 1277 736 quibus
1305 685 1367 736 qui
1398 684 1535 723 mederi
1571 683 1693 726 vellet,
1714 682 1744 719 is

297 748 464 797 profecto
494 762 569 786 non
599 763 730 800 parum
759 751 951 801 proficeret
976 764 996 788 e
1024 751 1226 788 Codicibus
1251 750 1517 789 Parisiensibus
1543 762 1636 800 quos
1663 748 1742 785 Gu-

295 812 406 850 diano
438 823 617 865 cognatos
648 828 728 852 esse
759 815 904 867 agnovi.
965 816 1017 852 Hi
1051 825 1174 853 autem
1209 829 1363 853 numero
1395 824 1481 853 sunt
1509 823 1678 866 quatuor,
1707 813 1744 850 in

297 878 478 930 Catalogo
507 879 559 916 sic
586 880 769 918 numerati
795 881 910 929 2630,
936 881 1050 929 2631,
1076 880 1189 929 2636,
1214 881 1353 929 26388.
1410 879 1590 920 Quamvis
1619 887 1742 916 autem

296 942 330 979 hi
352 943 509 981 Codices
534 945 698 996 ejusdem
727 945 802 982 sint
822 944 983 989 familiae,
1005 958 1125 996 neque
1146 955 1269 982 tamen
1293 958 1440 996 prorsus
1463 958 1546 982 cum
1569 944 1745 982 Gudiano

294 1006 387 1044 libro
407 1018 631 1059 congruunt,
650 1022 768 1059 neque
789 1010 858 1047 sibi
882 1010 1036 1048 invicem
1058 1010 1160 1047 omni
1181 1023 1224 1047 ex
1244 1019 1348 1060 parte
1369 1010 1609 1061 respondent.
1653 1009 1745 1046 Fere

295 1080 418 1109 autem
446 1072 584 1111 similes
613 1083 700 1111 sunt
723 1075 823 1123 2630
845 1084 882 1111 et
903 1075 1022 1123 2631;
1054 1083 1095 1111 ut
1113 1083 1151 1112 et
1170 1075 1286 1112 altera
1309 1088 1353 1112 ex
1373 1083 1489 1126 parte,
1512 1075 1629 1126 magis
1648 1075 1747 1111 inter

295 1150 335 1174 se
362 1147 576 1189 congruunt
606 1139 708 1187 2636
732 1148 770 1177 et
792 1140 918 1190 2638;
951 1153 1045 1190 quos
1074 1149 1111 1177 et
1135 1153 1221 1177 cum
1247 1140 1472 1192 Etymologo
1496 1139 1745 1191 Ultrajectino

293 1202 448 1240 omnino
479 1205 675 1242 convenire
700 1205 803 1243 valde
831 1206 1008 1256 suspicor.
1067 1206 1126 1243 De
1152 1206 1286 1256 quibus
1315 1207 1489 1243 omnibus
1519 1214 1560 1243 ut
1588 1204 1745 1242 studiosi

293 1267 356 1304 viri
375 1269 698 1320 meliusjudicium
716 1271 848 1316 ferant,
865 1272 993 1308 horum
1012 1271 1191 1309 Codicum
1209 1271 1447 1309 collationem
1464 1284 1549 1308 cum
1566 1269 1744 1308 Gudiano

290 1331 385 1369 libro
406 1333 522 1370 oculis
547 1335 727 1386 subjIcere
749 1336 891 1374 institui
920 1336 956 1373 in
978 1337 1101 1374 littera
1122 1338 1172 1380 Κ,
1196 1345 1235 1373 ut
1255 1350 1336 1387 quae
1356 1336 1499 1373 caeteris
1521 1334 1663 1387 plenior
1682 1334 1742 1380 sit,

290 1406 328 1434 et
347 1407 541 1436 auctorum
562 1400 801 1438 citationibus
823 1402 939 1454 magis
959 1401 1136 1439 abundet.

343 1465 429 1501 Jain
454 1474 578 1502 autem
610 1466 839 1503 monendum
868 1467 935 1503 erit
956 1466 1133 1504 Codicem
1158 1468 1259 1515 2630
1280 1468 1384 1514 cujus
1413 1465 1615 1517 specimina
1642 1466 1744 1516 prius

289 1531 388 1568 edita
408 1540 495 1568 sunt
516 1545 535 1568 a
556 1531 653 1569 Frid.
676 1532 764 1570 Gul.
786 1533 933 1569 Sturzio
954 1532 999 1568 ad
1019 1532 1157 1569 calcem
1179 1531 1330 1568 Orionis
1350 1532 1522 1569 Thebani
1543 1546 1577 1582 p.
1598 1532 1684 1569 186.
1706 1541 1744 1569 et

289 1610 310 1633 a
339 1596 508 1634 Bekkero
543 1596 580 1634 in
614 1597 711 1634 notis
741 1597 786 1634 ad
815 1598 941 1648 Etym.
971 1598 1029 1634 M.
1060 1610 1141 1635 esse
1170 1598 1509 1641 membranaceum,
1540 1607 1578 1635 et
1607 1597 1743 1635 saeculo

289 1661 437 1699 decimo
471 1662 580 1699 tertio
615 1671 791 1714 vergente
825 1663 948 1700 forsan
988 1662 1168 1713 scriptum
1201 1664 1291 1699 satis
1324 1662 1486 1714 eleganti
1520 1676 1648 1706 manu,
1678 1663 1742 1700 sed

290 1739 419 1776 parum
442 1727 542 1764 docti
563 1727 715 1764 librarii.
755 1727 867 1765 Initio
893 1736 1016 1765 autem
1039 1736 1096 1765 est
1117 1727 1280 1772 mutilus,
1303 1736 1341 1765 et
1364 1727 1401 1764 in
1424 1727 1530 1765 litera
1551 1729 1589 1765 K
1609 1728 1743 1766 lacuna

290 1791 378 1828 satis
399 1792 523 1842 ampla
542 1792 698 1829 laborat.

342 1856 492 1894 Codicis
526 1865 649 1894 autem
681 1857 778 1906 2631
811 1858 950 1895 nullam
985 1859 1083 1909 apud
1112 1858 1243 1896 doctos
1272 1860 1368 1896 viros
1399 1858 1629 1896 mentionem
1659 1871 1741 1896 esse

288 1921 424 1958 factam
452 1923 594 1972 reperi3
627 1931 665 1960 et
684 1923 784 1973 quod
811 1923 848 1960 in
870 1923 1050 1975 Catalogo
1080 1931 1251 1961 notatum
1282 1933 1351 1968 est,
1373 1924 1447 1961 fere
1476 1923 1598 1960 nullos
1626 1925 1665 1961 in
1694 1938 1739 1962 eo

287 1987 466 2024 Auctores
487 1987 656 2025 laudatos
676 2002 768 2032 esse,
786 1989 895 2039 plane
915 1989 1047 2026 falsum
1068 1998 1137 2026 est.
1179 1990 1249 2026 Est
1265 1998 1389 2026 autem
1407 1989 1532 2026 Codex
1555 1990 1739 2026 membra-

287 2064 423 2088 naceus
455 2062 494 2089 et
527 2053 660 2090 alicubi
695 2055 906 2104 rescriptus,
939 2053 1141 2092 latentibus
1176 2055 1303 2091 subter
1333 2067 1466 2091 novam
1502 2054 1736 2105 scripturam,

288 2116 543 2167 Epistolarum
577 2117 703 2154 Sancti
732 2117 837 2155 Pauli
867 2117 1052 2169 vestigiis3
1088 2118 1270 2156 recentior
1298 2128 1421 2156 autem
1453 2132 1598 2162 manus,
1629 2119 1738 2171 plane

289 2180 477 2233 inelegans
497 2190 534 2219 et
555 2181 664 2225 rudis,
686 2182 817 2220 decimi
839 2182 958 2232 quarti
979 2183 1102 2220 saeculi
1122 2196 1202 2221 esse
1221 2183 1377 2221 videtur.

341 2263 489 2300 Desunt
511 2263 627 2300 multa
646 2263 766 2307 initio,
789 2263 919 2314 incipit

351 2342 525 2390 ἈΣΚὶοΝ
544 2359 554 2390 :
592 2345 714 2408 Παρὰ
738 2343 781 2390 τὸ
807 2345 827 2391 ὖ
895 2348 954 2396 οἶκῧ
979 2343 1048 2398 agn
1069 2345 1135 2392 καὶ
1158 2347 1335 2394 ἀνώδυνον
1355 2345 1471 2400 οὕτως
1488 2346 1736 2410 “Ηρωὸιανο’ς.

288 2441 382 2483 quae
406 2427 460 2467 ad
481 2421 719 2480 Ἀσκληπιος
741 2428 957 2470 referenda
981 2444 1071 2471 esse
1095 2429 1218 2471 docet
1241 2430 1346 2472 Lex.
1372 2429 1558 2472 Gudian.
1582 2445 1625 2486 p.
1647 2431 1718 2488 83.

350 2497 782 2558 ἈΣΚΑΛΑΒόΤΗΣ-ἢ
817 2500 873 2547 ἔτι
909 2503 1184 2564 ἀσχάλλουσα
1216 2505 1240 2562 ἡ
1277 2504 1474 2565 Δημήτηρ
1518 2502 1738 2561 ἐπεβόησεν

286 2578 311 2634 ἦ
335 2597 409 2640 μερ
433 2577 567 2624 αὐτοῦ.

341 2715 361 2736 a
387 2709 458 2745 His
484 2709 597 2747 etiam
629 2710 845 2748 addendum
869 2712 991 2749 forsan
1015 2712 1180 2751 Lexicon
1206 2712 1294 2750 olim
1325 2711 1612 2757 Sorbonnicum,
1633 2715 1736 2764 quod

286 2775 387 2800 nunc
414 2763 541 2815 Regiae
569 2763 812 2803 Bibliothecae
847 2766 1113 2804 adnumeratur
1143 2769 1180 2804 in
1215 2767 1484 2818 Supplemento
1518 2781 1621 2805 num.
1648 2779 1735 2816 172.

287 2816 358 2854 hoc
385 2817 504 2854 obiter
533 2827 678 2856 tantum
709 2819 800 2856 mihi
833 2819 1011 2870 inspicere
1042 2821 1154 2864 licuit,
1179 2822 1243 2858 sed
1269 2835 1354 2859 cum
1385 2822 1485 2869 2630
1515 2821 1734 2872 plerumque

287 2872 497 2909 consentire
518 2873 628 2909 credo
643 2887 652 2917 ;
677 2873 723 2910 de
743 2874 812 2910 hoc
828 2887 912 2911 vero
930 2888 996 2912 nos
1013 2875 1158 2925 plenius
1178 2875 1327 2915 docebit
1342 2874 1576 2914 Gaisfordius
1592 2885 1730 2918 noster,

286 2925 347 2980 qui
367 2924 445 2974 ejus
465 2928 720 2979 apographum
739 2927 917 2979 possidet.
