1898 3267
653 544 997 592 LEXICON
1045 543 1398 592 ZONARAE.

335 766 400 803 AN
422 764 491 803 rite
511 766 686 803 Graecum
704 765 869 803 Lexicon
885 767 984 816 quod
1005 767 1117 817 vulgo
1137 767 1295 803 Zonarae
1316 777 1454 802 nomen
1471 762 1647 807 obtinuit,
1666 762 1751 800 huic

284 835 439 873 Auctori
457 834 720 873 ascribendum
739 835 800 878 sit,
818 849 894 873 non
911 836 947 873 in
970 836 1098 874 animo
1114 845 1171 873 est
1193 850 1294 874 nunc
1315 835 1352 873 in
1371 834 1524 873 dubium
1546 846 1688 872 vocare.
1712 832 1752 870 id

286 899 414 950 potius
453 907 623 936 nostrum
655 908 712 936 est
742 899 943 937 Lectorem
981 913 1146 944 monere,
1181 899 1312 938 nullibi
1346 913 1428 938 esse
1461 900 1571 950 hujus
1601 897 1753 935 familiae

286 969 464 1016 majorem
485 966 634 1014 copiam
656 978 769 1014 quam
795 966 834 1002 in
850 965 1092 1003 Bibliotheca
1113 965 1236 1015 Regia
1256 964 1468 1003 Parisiensi.
1524 963 1672 1014 Magna
1696 969 1754 999 est

285 1037 410 1067 autem
442 1028 479 1065 in
506 1028 566 1066 his
588 1029 791 1066 Codicibus
818 1029 986 1068 varietas.
1046 1030 1142 1067 Sunt
1172 1030 1236 1080 qui
1268 1042 1394 1067 revera
1423 1042 1509 1066 cum
1539 1041 1585 1066 eo
1612 1026 1754 1064 Lexico

285 1102 510 1144 congruunt,
532 1093 633 1143 quod
654 1093 814 1144 vulgavit
833 1093 1079 1131 Tittmannus
1100 1095 1169 1131 sub
1190 1094 1262 1131 hoc
1277 1093 1420 1136 Titulo,
1437 1093 1613 1141 Συναγωγὴ
1629 1089 1755 1134 Λέξεων

286 1163 493 1206 συλλεγεῖσα
522 1163 558 1194 ἐκ
586 1158 743 1207 διαφόρων
767 1160 905 1202 βιβλίων
927 1164 1078 1202 παλαιᾶς
1106 1159 1148 1195 ‘te'
1174 1166 1261 1209 φημι
1285 1162 1415 1208 ’γραφῆς
1436 1161 1493 1195 καὶ
1522 1160 1579 1202 τῆς
1603 1157 1676 1199 νέας
1699 1156 1756 1192 καὶ

286 1225 386 1266 αὐτῆς
404 1223 498 1267 δήπου
517 1225 572 1266 τῆς
597 1225 742 1271 θύραθεν,
765 1231 803 1260 et
827 1223 943 1260 totius
964 1223 1092 1260 classis
1121 1233 1210 1260 sunt
1229 1223 1253 1260 ii
1275 1222 1551 1273 praestantiores
1571 1229 1609 1258 et
1627 1219 1757 1271 copio-

288 1287 416 1324 siores.
476 1287 548 1323 Sed
579 1287 738 1324 Codices
770 1287 989 1325 parisiensis
1009 1287 1259 1325 Bibliothecae
1285 1286 1502 1338 hujusmodi
1531 1294 1620 1323 sunt
1648 1283 1758 1336 pauci

288 1360 326 1388 et
354 1351 378 1388 ii
410 1351 672 1394 recentissimi,
694 1354 725 1389 si
751 1353 824 1389 duo
847 1352 1099 1389 Coislinianos
1128 1353 1291 1403 excipias
1312 1365 1333 1388 a
1353 1350 1567 1388 Montfauc.
1591 1357 1756 1392 notatos,

289 1415 352 1465 qui
374 1415 507 1451 vetusti
531 1423 620 1451 sunt
637 1423 674 1451 et
692 1415 800 1451 bonae
822 1423 933 1452 notae.
963 1414 1079 1451 Multi
1098 1423 1223 1451 autem
1239 1413 1444 1464 Epitomen
1466 1422 1613 1450 tantum
1630 1412 1760 1449 Lexici

289 1481 449 1517 Zonarae
479 1479 682 1523 exhibent;
713 1479 774 1516 alii
813 1493 938 1516 rursus
973 1479 1064 1515 adeo
1101 1478 1139 1515 in
1172 1478 1301 1515 multis
1337 1491 1422 1515 cum
1453 1477 1582 1528 Cyrilli
1612 1476 1760 1514 Lexicis

290 1542 535 1586 conveniunt,
567 1551 608 1579 ut
639 1544 796 1580 dubium
837 1545 885 1580 sit
919 1543 992 1580 utri
1024 1543 1176 1580 familiae
1207 1542 1423 1594 assignandi
1457 1551 1559 1579 sunt.
1618 1542 1760 1579 Prioris

291 1607 430 1645 Classis
450 1615 539 1643 sunt
559 1608 653 1644 Cod.
675 1620 768 1656 902.
792 1609 885 1645 Saec.
908 1608 1018 1644 XIV.
1038 1608 1104 1645 sed
1125 1608 1187 1657 qui
1210 1607 1355 1644 literam
1378 1608 1410 1644 A
1427 1614 1577 1644 tantum
1598 1606 1762 1644 exhibet.

293 1673 388 1708 Cod.
411 1683 526 1718 1142.
555 1672 685 1709 bomb.
709 1672 803 1709 Saec.
827 1672 936 1709 XIV.
963 1671 1029 1709 sed
1051 1672 1087 1708 in
1110 1673 1221 1709 finem
1244 1672 1374 1709 utilus.
1407 1672 1504 1710 Cod.
1521 1673 1639 1720 2408.
1661 1675 1761 1723 ejus-

293 1737 377 1772 dem
408 1737 485 1773 fere
510 1737 642 1780 aetatis,
672 1737 717 1774 de
745 1751 819 1787 quo
844 1737 1016 1774 notitiam
1049 1737 1153 1774 dedit
1177 1737 1308 1774 Mons.
1334 1737 1381 1773 de
1409 1736 1619 1775 Rochefort
1638 1738 1763 1775 “No-

294 1800 384 1837 tices
405 1809 443 1838 et
463 1802 627 1838 Extraits
643 1802 708 1838 des
724 1802 839 1838 MSS.
861 1802 911 1838 du
931 1801 1006 1838 Roi
1025 1803 1071 1838 T.
1093 1803 1125 1839 Ι.
1148 1816 1184 1853 p.
1210 1805 1325 1851 131.''
1356 1802 1476 1839 Codd.
1502 1802 1619 1852 2639.
1644 1802 1762 1850 2663.

298 1865 412 1912 2664.
434 1878 565 1903 omnes
587 1866 784 1903 Chartacei
801 1874 840 1903 et
860 1866 964 1903 valde
983 1875 1176 1909 recentes;
1208 1879 1330 1917 neque
1349 1866 1555 1917 quidquam
1576 1867 1700 1905 inveni
1724 1866 1763 1904 in

297 1929 352 1966 his
372 1938 437 1967 aut
457 1930 601 1967 caeteris
621 1929 787 1978 ejusdem
810 1930 952 1975 classis,
973 1930 1110 1981 quibus
1138 1931 1278 1968 diutius
1306 1932 1499 1969 immorari
1527 1944 1650 1983 operae
1681 1944 1765 1982 pre·

295 1992 389 2030 tium
419 2007 500 2031 esse
530 1994 619 2030 mihi
650 1994 770 2031 visum
797 1994 881 2031 fuit.
938 1996 1048 2032 Unus
1079 2004 1203 2033 autem
1226 1997 1354 2033 Codex
1379 1997 1494 2046 2669,
1511 1995 1680 2046 quamvis
1710 2009 1764 2033 re-

296 2071 398 2100 cens,
431 2068 612 2109 vergente
645 2059 747 2096 enim
787 2059 936 2096 decimo
969 2061 1101 2109 quinto
1135 2060 1274 2097 saeculo
1309 2060 1467 2111 scriptus
1501 2069 1571 2106 est,
1607 2060 1764 2112 dignum

292 2123 456 2172 judicavi
479 2122 585 2170 cujus
605 2122 816 2173 pleniorem
838 2123 1010 2160 notitiam
1033 2124 1170 2174 publici
1195 2126 1289 2175 juris
1318 2125 1493 2163 facerem.
1551 2126 1613 2163 Sic
1639 2134 1766 2163 autem

254 2186 264 2193 ⁵
298 2187 336 2222 in
359 2186 480 2222 Catal.
509 2187 744 2224 describitur.
778 2194 801 2207 “
820 2187 948 2225 Codex
968 2189 1198 2232 chartaceus,
1220 2189 1556 2240 Constantinopoli
1588 2203 1707 2240 nuper
1727 2189 1765 2226 in

300 2256 323 2270 ‘¹
348 2250 622 2287 Bibliothecam
645 2252 783 2299 regiam
807 2251 944 2296 illatus,
958 2266 1033 2302 quo
1049 2254 1296 2290 continentur
1321 2260 1372 2290 10.
1388 2254 1578 2306 Anonymi
1599 2255 1766 2292 Lexicon

300 2321 325 2335 “
349 2315 411 2351 ubi
433 2323 574 2352 veteres
594 2315 744 2364 quidam
768 2317 978 2366 Scriptores
1004 2317 1216 2361 laudantur,
1240 2319 1433 2356 Homerus
1455 2332 1590 2370 nempe
1614 2319 1765 2370 Phylar-

301 2384 327 2399 “
347 2380 453 2422 chus,
474 2380 760 2429 Theopompus,
782 2381 1036 2424 Pherecrates,
1057 2383 1341 2433 Aristophanes,
1363 2384 1430 2421 &c.
1467 2384 1506 2421 Is
1526 2384 1644 2422 codex
1663 2397 1684 2422 e
1704 2396 1766 2421 ve-

301 2450 327 2464 “
350 2452 449 2481 tusto
470 2445 694 2481 serenissimi
718 2445 906 2482 Valachiae
928 2446 1110 2497 Principis
1131 2447 1338 2498 exemplari
1357 2448 1564 2499 descriptus
1584 2452 1680 2486 est.''

358 2507 528 2557 Hujusce
555 2509 682 2546 Lexici
704 2509 855 2546 Titulus
885 2524 905 2547 a
934 2511 1066 2547 ceteris
1099 2512 1275 2549 omuibus
1306 2513 1533 2564 discrepans,
1564 2513 1768 2564 inscriptus

301 2581 359 2610 est
388 2572 518 2616 Λεξικὲν
544 2580 635 2609 κατὰ
664 2579 822 2620 στοιχεῖον
848 2578 904 2618 τῆς
931 2578 1120 2620 Ἑλληνικῆς
1148 2579 1282 2621 ἁπάσης
1310 2581 1423 2627 φωνῆς.
1480 2576 1595 2615 Initio
1616 2578 1767 2628 quidem

302 2638 353 2675 ita
386 2650 472 2674 cum
509 2638 720 2674 Phavorino
755 2639 968 2676 consentire
999 2639 1203 2685 videbatur,
1239 2650 1279 2678 ut
1313 2641 1372 2679 isti
1404 2641 1500 2679 libro
1533 2642 1767 2680 simillimum

301 2715 382 2740 esse
415 2703 538 2753 primo
566 2702 759 2753 judicavi;
791 2703 994 2741 collatione
1023 2713 1148 2742 autem
1181 2705 1292 2749 facta,
1321 2705 1481 2756 plurima
1504 2706 1543 2743 in
1574 2719 1620 2743 eo
1646 2707 1769 2744 inesse

303 2766 440 2809 inveni,
454 2767 588 2817 quibus
605 2776 705 2804 caret.
722 2767 953 2804 Phavorinus
969 2783 976 2810 ;
1004 2782 1091 2805 mox
1107 2769 1219 2807 etiam
1241 2771 1452 2808 Phavorino
1469 2771 1597 2809 relicto
1610 2772 1767 2809 Zonarae

304 2830 447 2868 Lexico
468 2844 506 2868 se
533 2832 741 2869 affiniorem
768 2832 921 2882 praebet,
944 2832 994 2869 ita
1022 2842 1061 2870 ut
1087 2834 1264 2885 deinceps
1280 2848 1364 2873 cum
1396 2835 1461 2873 illo
1483 2835 1577 2874 libro
1597 2835 1768 2874 collatio-

304 2908 391 2932 nem
412 2895 608 2933 instituere
627 2897 862 2934 commodius
883 2897 965 2933 fuit.
1025 2898 1086 2935 Sic
1107 2907 1231 2936 autem
1254 2898 1399 2949 incipit.
